%% LaTeX2e file `bci_conf.bib'
%% generated by the `filecontents' environment
%% from source `"P300_LSTM 2"' on 2017/02/13.
%%
@incollection{Bengio+chapter2007,
 author = {Farwell, Lawrence Ashley, and Emanuel Donchin},
 booktitle = {Large Scale Kernel Machines},
 publisher = {MIT Press},
 title = {Scaling Learning Algorithms Towards {AI}},
 year = {2007}
}




@article{P300_Tutorial,
 author = {Blankertz, Benjamin, et al.},
 journal = {NeuroImage},
 pages = {814--825},
 title = {Single-trial analysis and classification of ERP components—a tutorial},
 volume = {50},
 year = {2011}
}

@article{BlaknertzExperiment,
 author = {Acqualagna, Laura, and Benjamin Blankertz.},
 journal = {NeuroImage},
 pages = {901--908},
 title = {Gaze-independent {BCI}-spelling using rapid serial visual presentation (RSVP)},
 volume = {124},
 year = {2013}
}

@article{FirstP300,
 author = {Farwell, Lawrence Ashley, and Emanuel Donchin},
 journal = {Neural Computation},
 pages = {510--523},
 title = {Talking off the top of your head: toward a mental prosthesis utilizing event-related brain potentials},
 volume = {70},
 year = {1988}
}


@article{P300_CNN,
 author = {Cecotti, Hubert, and Axel Graser},
 journal = {IEEE transactions on pattern analysis and machine intelligence},
 pages = {433--445},
 title = {Convolutional neural networks for P300 detection with application to brain-computer interfaces},
 volume = {33},
 year = {2011}
}

@article{Learning_from_imbalanced_data,
 author = {He, Haibo, and Edwardo A. Garcia},
 journal = {IEEE Transactions on knowledge and data engineering},
 pages = {1263--1284},
 title = {Learning from imbalanced data},
 volume = {21},
 year = {2009}
}

@article{Bagging_predictors,
 author = {Breiman, Leo},
 journal = {Machine learning},
 pages = {123--140},
 title = {Bagging predictors},
 volume = {24},
 year = {1996}
}

@article{RSVP_P300_geva,
 author = {Manor, Ran, and Amir B. Geva},
 journal = {Frontiers in computational neuroscience},
 title = {Convolutional Neural Network for Multi-Category Rapid Serial Visual Presentation{BCI}},
 volume = {9},
 year = {2015}
}

@article{Lenet98,
 author = {Y. LeCun, L. Bottou, Y. Bengio and P. Haffner},
 journal = {Proceedings of the IEEE},
 title = {Gradient-based learning applied to document recognition.},
 volume = {86},
 pages = {2278--2324},
 year = {1998}
}




@article{LSTM_EEG,
 author = {Bashivan, Pouya, et al.},
 journal = {arXiv},
 title = {Learning Representations from {EEG} with Deep Recurrent-Convolutional Neural Networks.},
 volume = {1511.06448},
 year = {2015}
}


@article{LSTM_origin,
 author = {Hochreiter, Sepp, and Jürgen Schmidhuber.},
 journal = {arXiv},
 title = {Long short-term memory},
 volume = {9.8},
 pages = {1735--1780},
 year = {1997}
}

@article{Dropout_origin,
 author = {Srivastava, Nitish, et al.},
 journal = {Journal of Machine Learning Research},
 title = {Dropout: a simple way to prevent neural networks from overfitting},
 volume = {15.1},
 pages = {1929-1958},
 year = {2014}
}

@misc{chollet2015keras,
	title={Keras},
	author={Chollet, Fran\c{c}ois and others},
	year={2015},
	publisher={GitHub},
	howpublished={\url{https://github.com/fchollet/keras}},
}


@misc{multi_batch,
 title={Learning a Metric Embedding for Face Recognition using the Multibatch Method},
 author={Tadmor, Oren, et al.},
 year={2016},
 publisher={arXiv},
}
@article{ioffe2015batch,
 title={Batch normalization: Accelerating deep network training by reducing internal covariate shift},
 author={Ioffe, Sergey and Szegedy, Christian},
 journal={arXiv preprint arXiv:1502.03167},
 year={2015}
}

@inproceedings{graves2013speech,
 title={Speech recognition with deep recurrent neural networks},
 author={Graves, Alex and Mohamed, Abdel-rahman and Hinton, Geoffrey},
 booktitle={2013 IEEE international conference on acoustics, speech and signal processing},
 pages={6645--6649},
 year={2013},
 organization={IEEE}
}

@inproceedings{graves2008unconstrained,
 title={Unconstrained on-line handwriting recognition with recurrent neural networks},
 author={Graves, Alex and Liwicki, Marcus and Bunke, Horst and Schmidhuber, J{\"u}rgen and Fern{\'a}ndez, Santiago},
 booktitle={Advances in Neural Information Processing Systems},
 pages={577--584},
 year={2008}
}

@article{yue2015beyond,
 title={Beyond short snippets: Deep networks for video classification},
 author={Yue-Hei Ng, Joe and Hausknecht, Matthew and Vijayanarasimhan, Sudheendra and Vinyals, Oriol and Monga, Rajat and Toderici, George},
 booktitle={Proceedings of the IEEE Conference on Computer Vision and Pattern Recognition},
 pages={4694--4702},
 year={2015}
}

@article{P300SVMWinner,
 title={{BCI} competition III: Dataset II-ensemble of SVMs for {BCI} P300 speller},
 author={Rakotomamonjy, Alain and Guigue, Vincent},
 journal={IEEE transactions on biomedical engineering},
 volume={55},
 number={3},
 pages={1147--1154},
 year={2008},
 publisher={IEEE}
}

@article{lawhern2016eegnet,
 title={EEGNet: A Compact Convolutional Network for {EEG}-based Brain-Computer Interfaces},
 author={Lawhern, Vernon J and Solon, Amelia J and Waytowich, Nicholas R and Gordon, Stephen M and Hung, Chou P and Lance, Brent J},
 journal={arXiv preprint arXiv:1611.08024},
 year={2016}
}

@inproceedings{sutskever2009recurrent,
 title={The recurrent temporal restricted boltzmann machine},
 author={Sutskever, Ilya and Hinton, Geoffrey E and Taylor, Graham W},
 booktitle={Advances in Neural Information Processing Systems},
 pages={1601--1608},
 year={2009}
}



@article{li2005approximation,
 title={Approximation of dynamical time-variant systems by continuous-time recurrent neural networks},
 author={Li, Xiao Dong and Ho, John KL and Chow, Tommy WS},
 journal={IEEE Transactions on Circuits and Systems II: Express Briefs},
 volume={52},
 number={10},
 pages={656--660},
 year={2005},
 publisher={IEEE}
}

@inproceedings{krizhevsky2012imagenet,
 title={Imagenet classification with deep convolutional neural networks},
 author={Krizhevsky, Alex and Sutskever, Ilya and Hinton, Geoffrey E},
 booktitle={Advances in neural information processing systems},
 pages={1097--1105},
 year={2012}
}



@article{BCICompetitionIII,
 author = {Benjamin Blankertz},
 title = {{MS Windows NT} Kernel Description},
 year = 2004,
 url ={http://www.bbci.de/competition/iii/},
 urldate = {2017-01-05}
}

@article{lotte2007review,
 title={A review of classification algorithms for {EEG}-based brain--computer interfaces},
 author={Lotte, Fabien and Congedo, Marco and L{\'e}cuyer, Anatole and Lamarche, Fabrice and Arnaldi, Bruno},
 journal={Journal of neural engineering},
 volume={4},
 number={2},
 pages={R1},
 year={2007},
 publisher={IOP Publishing}
}

@inproceedings{solhjoo2005classification,
 title={Classification of chaotic signals using HMM classifiers: {EEG}-based mental task classification},
 author={Solhjoo, Soroosh and Nasrabadi, Ali Motie and Golpayegani, Mohammad Reza Hashemi},
 booktitle={Signal Processing Conference, 2005 13th European},
 pages={1--4},
 year={2005},
 organization={IEEE}
}

@article{obermaier2001hidden,
 title={Hidden Markov models for online classification of single trial {EEG} data},
 author={Obermaier, Bernhard and Guger, Christoph and Neuper, Christa and Pfurtscheller, Gert},
 journal={Pattern recognition letters},
 volume={22},
 number={12},
 pages={1299--1309},
 year={2001},
 publisher={Elsevier}
}

@article{cincotti2003comparison,
 title={Comparison of different feature classifiers for brain computer interfaces},
 author={Cincotti, Febo and Scipione, A and Timperi, A and Mattia, D and Marciani, AG and Millan, J and Salinari, S and Bianchi, L and Bablioni, F},
 journal={Neural Engineering, 2003. Conference Proceedings. First International IEEE EMBS Conference on},
 pages={645--647},
 year={2003},
 organization={IEEE}
}

@article{bengio1994learning,
 title={Learning long-term dependencies with gradient descent is difficult},
 author={Bengio, Yoshua and Simard, Patrice and Frasconi, Paolo},
 journal={IEEE transactions on neural networks},
 volume={5},
 number={2},
 pages={157--166},
 year={1994},
 publisher={IEEE}
}


@article{davidson2005detecting,
 title={Detecting behavioural microsleeps using {EEG} and LSTM recurrent neural networks},
 author={Davidson, PR and Jones, RD and Peiris, MTR},
 journal={Proc. Int. Conf. IEEE Eng. Med. Biol. Soc},
 volume={27},
 pages={5754--5757},
 year={2005}
}

@inproceedings{soleymani2014continuous,
 title={Continuous emotion detection using {EEG} signals and facial expressions},
 author={Soleymani, Mohammad and Asghari-Esfeden, Sadjad and Pantic, Maja and Fu, Yun},
 booktitle={2014 IEEE International Conference on Multimedia and Expo (ICME)},
 pages={1--6},
 year={2014},
 organization={IEEE}
}

@article{nair2010rectified,
 title={Rectified linear units improve restricted boltzmann machines},
 author={Nair, Vinod and Hinton, Geoffrey E},
 booktitle={Proceedings of the 27th International Conference on Machine Learning (ICML-10)},
 pages={807--814},
 year={2010}
}
@article{hinton2012deep,
 title={Deep neural networks for acoustic modeling in speech recognition: The shared views of four research groups},
 author={Hinton, Geoffrey and Deng, Li and Yu, Dong and Dahl, George E and Mohamed, Abdel-rahman and Jaitly, Navdeep and Senior, Andrew and Vanhoucke, Vincent and Nguyen, Patrick and Sainath, Tara N and others},
 journal={IEEE Signal Processing Magazine},
 volume={29},
 number={6},
 pages={82--97},
 year={2012},
 publisher={IEEE}
}

@inproceedings{graves2012supervised,
 title={Supervised sequence labelling},
 author={Graves, Alex},
 booktitle={Supervised Sequence Labelling with Recurrent Neural Networks},
 pages={5--13},
 year={2012},
 publisher={Springer}
}

@article{tieleman2012lecture,
	title={Lecture 6.5-rmsprop: Divide the gradient by a running average of its recent magnitude},
	author={Tieleman, Tijmen and Hinton, Geoffrey},
	journal={COURSERA: Neural networks for machine learning},
	volume={4},
	number={2},
	year={2012}
}

@inproceedings{karpathy2015deep,
	title={Deep visual-semantic alignments for generating image descriptions},
	author={Karpathy, Andrej and Fei-Fei, Li},
	booktitle={Proceedings of the IEEE Conference on Computer Vision and Pattern Recognition},
	pages={3128--3137},
	year={2015}
}

@inproceedings{xu2015show,
	title={Show, Attend and Tell: Neural Image Caption Generation with Visual Attention.},
	author={Xu, Kelvin and Ba, Jimmy and Kiros, Ryan and Cho, Kyunghyun and Courville, Aaron C and Salakhutdinov, Ruslan and Zemel, Richard S and Bengio, Yoshua},
	booktitle={ICML},
	volume={14},
	pages={77--81},
	year={2015}
}

@inproceedings{szegedy2016rethinking,
	title={Rethinking the inception architecture for computer vision},
	author={Szegedy, Christian and Vanhoucke, Vincent and Ioffe, Sergey and Shlens, Jon and Wojna, Zbigniew},
	booktitle={Proceedings of the IEEE Conference on Computer Vision and Pattern Recognition},
	pages={2818--2826},
	year={2016}
}

@techreport{rumelhart1985learning,
	title={Learning internal representations by error propagation},
	author={Rumelhart, David E and Hinton, Geoffrey E and Williams, Ronald J},
	year={1985},
	institution={DTIC Document}
}

@inproceedings{werbos1988generalization,
	title={Generalization of backpropagation with application to a recurrent gas market model},
	author={Werbos, Paul J},
	journal={Neural networks},
	volume={1},
	number={4},
	pages={339--356},
	year={1988},
	publisher={Elsevier}
}

@article{pascanu2013difficulty,
	title={On the difficulty of training recurrent neural networks.},
	author={Pascanu, Razvan and Mikolov, Tomas and Bengio, Yoshua},
	journal={ICML (3)},
	volume={28},
	pages={1310--1318},
	year={2013}
}

@article{bengio1994learning,
	title={Learning long-term dependencies with gradient descent is difficult},
	author={Bengio, Yoshua and Simard, Patrice and Frasconi, Paolo},
	journal={IEEE transactions on neural networks},
	volume={5},
	number={2},
	pages={157--166},
	year={1994},
	publisher={IEEE}
}



@article{greff2017lstm,
	title={LSTM: A search space odyssey},
	author={Greff, Klaus and Srivastava, Rupesh K and Koutn{\'\i}k, Jan and Steunebrink, Bas R and Schmidhuber, J{\"u}rgen},
	journal={IEEE transactions on neural networks and learning systems},
	year={2017},
	publisher={IEEE}
}